%YAML 1.1
%TAG !u! tag:unity3d.com,2011:
--- !u!29 &1
OcclusionCullingSettings:
  m_ObjectHideFlags: 0
  serializedVersion: 2
  m_OcclusionBakeSettings:
    smallestOccluder: 5
    smallestHole: 0.25
    backfaceThreshold: 100
  m_SceneGUID: 00000000000000000000000000000000
  m_OcclusionCullingData: {fileID: 0}
--- !u!104 &2
RenderSettings:
  m_ObjectHideFlags: 0
  serializedVersion: 9
  m_Fog: 0
  m_FogColor: {r: 0.5, g: 0.5, b: 0.5, a: 1}
  m_FogMode: 3
  m_FogDensity: 0.01
  m_LinearFogStart: 0
  m_LinearFogEnd: 300
  m_AmbientSkyColor: {r: 0.212, g: 0.227, b: 0.259, a: 1}
  m_AmbientEquatorColor: {r: 0.114, g: 0.125, b: 0.133, a: 1}
  m_AmbientGroundColor: {r: 0.047, g: 0.043, b: 0.035, a: 1}
  m_AmbientIntensity: 1
  m_AmbientMode: 0
  m_SubtractiveShadowColor: {r: 0.42, g: 0.478, b: 0.627, a: 1}
  m_SkyboxMaterial: {fileID: 10304, guid: 0000000000000000f000000000000000, type: 0}
  m_HaloStrength: 0.5
  m_FlareStrength: 1
  m_FlareFadeSpeed: 3
  m_HaloTexture: {fileID: 0}
  m_SpotCookie: {fileID: 10001, guid: 0000000000000000e000000000000000, type: 0}
  m_DefaultReflectionMode: 0
  m_DefaultReflectionResolution: 128
  m_ReflectionBounces: 1
  m_ReflectionIntensity: 1
  m_CustomReflection: {fileID: 0}
  m_Sun: {fileID: 0}
  m_IndirectSpecularColor: {r: 0, g: 0, b: 0, a: 1}
  m_UseRadianceAmbientProbe: 0
--- !u!157 &3
LightmapSettings:
  m_ObjectHideFlags: 0
  serializedVersion: 11
  m_GIWorkflowMode: 1
  m_GISettings:
    serializedVersion: 2
    m_BounceScale: 1
    m_IndirectOutputScale: 1
    m_AlbedoBoost: 1
    m_EnvironmentLightingMode: 0
    m_EnableBakedLightmaps: 1
    m_EnableRealtimeLightmaps: 0
  m_LightmapEditorSettings:
    serializedVersion: 12
    m_Resolution: 2
    m_BakeResolution: 40
    m_AtlasSize: 1024
    m_AO: 0
    m_AOMaxDistance: 1
    m_CompAOExponent: 1
    m_CompAOExponentDirect: 0
    m_ExtractAmbientOcclusion: 0
    m_Padding: 2
    m_LightmapParameters: {fileID: 0}
    m_LightmapsBakeMode: 1
    m_TextureCompression: 1
    m_FinalGather: 0
    m_FinalGatherFiltering: 1
    m_FinalGatherRayCount: 256
    m_ReflectionCompression: 2
    m_MixedBakeMode: 2
    m_BakeBackend: 1
    m_PVRSampling: 1
    m_PVRDirectSampleCount: 32
    m_PVRSampleCount: 512
    m_PVRBounces: 2
    m_PVREnvironmentSampleCount: 256
    m_PVREnvironmentReferencePointCount: 2048
    m_PVRFilteringMode: 1
    m_PVRDenoiserTypeDirect: 1
    m_PVRDenoiserTypeIndirect: 1
    m_PVRDenoiserTypeAO: 1
    m_PVRFilterTypeDirect: 0
    m_PVRFilterTypeIndirect: 0
    m_PVRFilterTypeAO: 0
    m_PVREnvironmentMIS: 1
    m_PVRCulling: 1
    m_PVRFilteringGaussRadiusDirect: 1
    m_PVRFilteringGaussRadiusIndirect: 5
    m_PVRFilteringGaussRadiusAO: 2
    m_PVRFilteringAtrousPositionSigmaDirect: 0.5
    m_PVRFilteringAtrousPositionSigmaIndirect: 2
    m_PVRFilteringAtrousPositionSigmaAO: 1
    m_ExportTrainingData: 0
    m_TrainingDataDestination: TrainingData
    m_LightProbeSampleCountMultiplier: 4
  m_LightingDataAsset: {fileID: 0}
  m_UseShadowmask: 1
--- !u!196 &4
NavMeshSettings:
  serializedVersion: 2
  m_ObjectHideFlags: 0
  m_BuildSettings:
    serializedVersion: 2
    agentTypeID: 0
    agentRadius: 0.5
    agentHeight: 2
    agentSlope: 45
    agentClimb: 0.4
    ledgeDropHeight: 0
    maxJumpAcrossDistance: 0
    minRegionArea: 2
    manualCellSize: 0
    cellSize: 0.16666667
    manualTileSize: 0
    tileSize: 256
    accuratePlacement: 0
    debug:
      m_Flags: 0
  m_NavMeshData: {fileID: 0}
--- !u!1 &68500219
GameObject:
  m_ObjectHideFlags: 0
  m_CorrespondingSourceObject: {fileID: 0}
  m_PrefabInstance: {fileID: 0}
  m_PrefabAsset: {fileID: 0}
  serializedVersion: 6
  m_Component:
  - component: {fileID: 68500220}
  m_Layer: 0
  m_Name: PickUp Parent
  m_TagString: Untagged
  m_Icon: {fileID: 0}
  m_NavMeshLayer: 0
  m_StaticEditorFlags: 0
  m_IsActive: 1
--- !u!4 &68500220
Transform:
  m_ObjectHideFlags: 0
  m_CorrespondingSourceObject: {fileID: 0}
  m_PrefabInstance: {fileID: 0}
  m_PrefabAsset: {fileID: 0}
  m_GameObject: {fileID: 68500219}
  m_LocalRotation: {x: 0, y: 0, z: 0, w: 1}
  m_LocalPosition: {x: 0, y: 0, z: 0}
  m_LocalScale: {x: 1, y: 1, z: 1}
  m_Children:
  - {fileID: 1776278312}
  - {fileID: 435632912}
  - {fileID: 186883167}
  - {fileID: 1252391859}
  - {fileID: 649522390}
  - {fileID: 585780433}
  - {fileID: 1129419252}
  - {fileID: 725553514}
  - {fileID: 1346240853}
  - {fileID: 1111565288}
  - {fileID: 248943313}
  - {fileID: 1541207824}
  m_Father: {fileID: 0}
  m_RootOrder: 5
  m_LocalEulerAnglesHint: {x: 0, y: 0, z: 0}
--- !u!1001 &186883166
PrefabInstance:
  m_ObjectHideFlags: 0
  serializedVersion: 2
  m_Modification:
    m_TransformParent: {fileID: 68500220}
    m_Modifications:
    - target: {fileID: 6068709781190506243, guid: 3c6b2505aacf8fb4680722ad57944a08,
        type: 3}
      propertyPath: m_LocalPosition.x
      value: 0
      objectReference: {fileID: 0}
    - target: {fileID: 6068709781190506243, guid: 3c6b2505aacf8fb4680722ad57944a08,
        type: 3}
      propertyPath: m_LocalPosition.y
      value: 0.5
      objectReference: {fileID: 0}
    - target: {fileID: 6068709781190506243, guid: 3c6b2505aacf8fb4680722ad57944a08,
        type: 3}
      propertyPath: m_LocalPosition.z
      value: 7
      objectReference: {fileID: 0}
    - target: {fileID: 6068709781190506243, guid: 3c6b2505aacf8fb4680722ad57944a08,
        type: 3}
      propertyPath: m_LocalRotation.x
      value: 0.46193978
      objectReference: {fileID: 0}
    - target: {fileID: 6068709781190506243, guid: 3c6b2505aacf8fb4680722ad57944a08,
        type: 3}
      propertyPath: m_LocalRotation.y
      value: 0.19134173
      objectReference: {fileID: 0}
    - target: {fileID: 6068709781190506243, guid: 3c6b2505aacf8fb4680722ad57944a08,
        type: 3}
      propertyPath: m_LocalRotation.z
      value: 0.19134173
      objectReference: {fileID: 0}
    - target: {fileID: 6068709781190506243, guid: 3c6b2505aacf8fb4680722ad57944a08,
        type: 3}
      propertyPath: m_LocalRotation.w
      value: 0.84462327
      objectReference: {fileID: 0}
    - target: {fileID: 6068709781190506243, guid: 3c6b2505aacf8fb4680722ad57944a08,
        type: 3}
      propertyPath: m_RootOrder
      value: 2
      objectReference: {fileID: 0}
    - target: {fileID: 6068709781190506243, guid: 3c6b2505aacf8fb4680722ad57944a08,
        type: 3}
      propertyPath: m_LocalEulerAnglesHint.x
      value: 45
      objectReference: {fileID: 0}
    - target: {fileID: 6068709781190506243, guid: 3c6b2505aacf8fb4680722ad57944a08,
        type: 3}
      propertyPath: m_LocalEulerAnglesHint.y
      value: 45
      objectReference: {fileID: 0}
    - target: {fileID: 6068709781190506243, guid: 3c6b2505aacf8fb4680722ad57944a08,
        type: 3}
      propertyPath: m_LocalEulerAnglesHint.z
      value: 45
      objectReference: {fileID: 0}
    - target: {fileID: 6068709781190506248, guid: 3c6b2505aacf8fb4680722ad57944a08,
        type: 3}
      propertyPath: m_Name
      value: PickUp (2)
      objectReference: {fileID: 0}
    m_RemovedComponents: []
  m_SourcePrefab: {fileID: 100100000, guid: 3c6b2505aacf8fb4680722ad57944a08, type: 3}
--- !u!4 &186883167 stripped
Transform:
  m_CorrespondingSourceObject: {fileID: 6068709781190506243, guid: 3c6b2505aacf8fb4680722ad57944a08,
    type: 3}
  m_PrefabInstance: {fileID: 186883166}
  m_PrefabAsset: {fileID: 0}
--- !u!1001 &248943312
PrefabInstance:
  m_ObjectHideFlags: 0
  serializedVersion: 2
  m_Modification:
    m_TransformParent: {fileID: 68500220}
    m_Modifications:
    - target: {fileID: 6068709781190506243, guid: 3c6b2505aacf8fb4680722ad57944a08,
        type: 3}
      propertyPath: m_LocalPosition.x
      value: 9
      objectReference: {fileID: 0}
    - target: {fileID: 6068709781190506243, guid: 3c6b2505aacf8fb4680722ad57944a08,
        type: 3}
      propertyPath: m_LocalPosition.y
      value: 0.5
      objectReference: {fileID: 0}
    - target: {fileID: 6068709781190506243, guid: 3c6b2505aacf8fb4680722ad57944a08,
        type: 3}
      propertyPath: m_LocalPosition.z
      value: -5
      objectReference: {fileID: 0}
    - target: {fileID: 6068709781190506243, guid: 3c6b2505aacf8fb4680722ad57944a08,
        type: 3}
      propertyPath: m_LocalRotation.x
      value: 0.46193978
      objectReference: {fileID: 0}
    - target: {fileID: 6068709781190506243, guid: 3c6b2505aacf8fb4680722ad57944a08,
        type: 3}
      propertyPath: m_LocalRotation.y
      value: 0.19134173
      objectReference: {fileID: 0}
    - target: {fileID: 6068709781190506243, guid: 3c6b2505aacf8fb4680722ad57944a08,
        type: 3}
      propertyPath: m_LocalRotation.z
      value: 0.19134173
      objectReference: {fileID: 0}
    - target: {fileID: 6068709781190506243, guid: 3c6b2505aacf8fb4680722ad57944a08,
        type: 3}
      propertyPath: m_LocalRotation.w
      value: 0.84462327
      objectReference: {fileID: 0}
    - target: {fileID: 6068709781190506243, guid: 3c6b2505aacf8fb4680722ad57944a08,
        type: 3}
      propertyPath: m_RootOrder
      value: 10
      objectReference: {fileID: 0}
    - target: {fileID: 6068709781190506243, guid: 3c6b2505aacf8fb4680722ad57944a08,
        type: 3}
      propertyPath: m_LocalEulerAnglesHint.x
      value: 45
      objectReference: {fileID: 0}
    - target: {fileID: 6068709781190506243, guid: 3c6b2505aacf8fb4680722ad57944a08,
        type: 3}
      propertyPath: m_LocalEulerAnglesHint.y
      value: 45
      objectReference: {fileID: 0}
    - target: {fileID: 6068709781190506243, guid: 3c6b2505aacf8fb4680722ad57944a08,
        type: 3}
      propertyPath: m_LocalEulerAnglesHint.z
      value: 45
      objectReference: {fileID: 0}
    - target: {fileID: 6068709781190506248, guid: 3c6b2505aacf8fb4680722ad57944a08,
        type: 3}
      propertyPath: m_Name
      value: PickUp (10)
      objectReference: {fileID: 0}
    m_RemovedComponents: []
  m_SourcePrefab: {fileID: 100100000, guid: 3c6b2505aacf8fb4680722ad57944a08, type: 3}
--- !u!4 &248943313 stripped
Transform:
  m_CorrespondingSourceObject: {fileID: 6068709781190506243, guid: 3c6b2505aacf8fb4680722ad57944a08,
    type: 3}
  m_PrefabInstance: {fileID: 248943312}
  m_PrefabAsset: {fileID: 0}
--- !u!1001 &435632911
PrefabInstance:
  m_ObjectHideFlags: 0
  serializedVersion: 2
  m_Modification:
    m_TransformParent: {fileID: 68500220}
    m_Modifications:
    - target: {fileID: 6068709781190506243, guid: 3c6b2505aacf8fb4680722ad57944a08,
        type: 3}
      propertyPath: m_LocalPosition.x
      value: 5
      objectReference: {fileID: 0}
    - target: {fileID: 6068709781190506243, guid: 3c6b2505aacf8fb4680722ad57944a08,
        type: 3}
      propertyPath: m_LocalPosition.y
      value: 0.5
      objectReference: {fileID: 0}
    - target: {fileID: 6068709781190506243, guid: 3c6b2505aacf8fb4680722ad57944a08,
        type: 3}
      propertyPath: m_LocalPosition.z
      value: 5
      objectReference: {fileID: 0}
    - target: {fileID: 6068709781190506243, guid: 3c6b2505aacf8fb4680722ad57944a08,
        type: 3}
      propertyPath: m_LocalRotation.x
      value: 0.46193978
      objectReference: {fileID: 0}
    - target: {fileID: 6068709781190506243, guid: 3c6b2505aacf8fb4680722ad57944a08,
        type: 3}
      propertyPath: m_LocalRotation.y
      value: 0.19134173
      objectReference: {fileID: 0}
    - target: {fileID: 6068709781190506243, guid: 3c6b2505aacf8fb4680722ad57944a08,
        type: 3}
      propertyPath: m_LocalRotation.z
      value: 0.19134173
      objectReference: {fileID: 0}
    - target: {fileID: 6068709781190506243, guid: 3c6b2505aacf8fb4680722ad57944a08,
        type: 3}
      propertyPath: m_LocalRotation.w
      value: 0.84462327
      objectReference: {fileID: 0}
    - target: {fileID: 6068709781190506243, guid: 3c6b2505aacf8fb4680722ad57944a08,
        type: 3}
      propertyPath: m_RootOrder
      value: 1
      objectReference: {fileID: 0}
    - target: {fileID: 6068709781190506243, guid: 3c6b2505aacf8fb4680722ad57944a08,
        type: 3}
      propertyPath: m_LocalEulerAnglesHint.x
      value: 45
      objectReference: {fileID: 0}
    - target: {fileID: 6068709781190506243, guid: 3c6b2505aacf8fb4680722ad57944a08,
        type: 3}
      propertyPath: m_LocalEulerAnglesHint.y
      value: 45
      objectReference: {fileID: 0}
    - target: {fileID: 6068709781190506243, guid: 3c6b2505aacf8fb4680722ad57944a08,
        type: 3}
      propertyPath: m_LocalEulerAnglesHint.z
      value: 45
      objectReference: {fileID: 0}
    - target: {fileID: 6068709781190506248, guid: 3c6b2505aacf8fb4680722ad57944a08,
        type: 3}
      propertyPath: m_Name
      value: PickUp (1)
      objectReference: {fileID: 0}
    m_RemovedComponents: []
  m_SourcePrefab: {fileID: 100100000, guid: 3c6b2505aacf8fb4680722ad57944a08, type: 3}
--- !u!4 &435632912 stripped
Transform:
  m_CorrespondingSourceObject: {fileID: 6068709781190506243, guid: 3c6b2505aacf8fb4680722ad57944a08,
    type: 3}
  m_PrefabInstance: {fileID: 435632911}
  m_PrefabAsset: {fileID: 0}
--- !u!1 &569068748
GameObject:
  m_ObjectHideFlags: 0
  m_CorrespondingSourceObject: {fileID: 0}
  m_PrefabInstance: {fileID: 0}
  m_PrefabAsset: {fileID: 0}
  serializedVersion: 6
  m_Component:
  - component: {fileID: 569068749}
  - component: {fileID: 569068752}
  - component: {fileID: 569068751}
  - component: {fileID: 569068750}
  m_Layer: 0
  m_Name: East Wall
  m_TagString: Untagged
  m_Icon: {fileID: 0}
  m_NavMeshLayer: 0
  m_StaticEditorFlags: 0
  m_IsActive: 1
--- !u!4 &569068749
Transform:
  m_ObjectHideFlags: 0
  m_CorrespondingSourceObject: {fileID: 0}
  m_PrefabInstance: {fileID: 0}
  m_PrefabAsset: {fileID: 0}
  m_GameObject: {fileID: 569068748}
  m_LocalRotation: {x: -0, y: -0, z: -0, w: 1}
  m_LocalPosition: {x: 10, y: 0, z: 0}
  m_LocalScale: {x: 0.5, y: 2, z: 20.5}
  m_Children: []
  m_Father: {fileID: 1524204089}
  m_RootOrder: 1
  m_LocalEulerAnglesHint: {x: 0, y: 0, z: 0}
--- !u!65 &569068750
BoxCollider:
  m_ObjectHideFlags: 0
  m_CorrespondingSourceObject: {fileID: 0}
  m_PrefabInstance: {fileID: 0}
  m_PrefabAsset: {fileID: 0}
  m_GameObject: {fileID: 569068748}
  m_Material: {fileID: 0}
  m_IsTrigger: 0
  m_Enabled: 1
  serializedVersion: 2
  m_Size: {x: 1, y: 1, z: 1}
  m_Center: {x: 0, y: 0, z: 0}
--- !u!23 &569068751
MeshRenderer:
  m_ObjectHideFlags: 0
  m_CorrespondingSourceObject: {fileID: 0}
  m_PrefabInstance: {fileID: 0}
  m_PrefabAsset: {fileID: 0}
  m_GameObject: {fileID: 569068748}
  m_Enabled: 1
  m_CastShadows: 1
  m_ReceiveShadows: 1
  m_DynamicOccludee: 1
  m_MotionVectors: 1
  m_LightProbeUsage: 1
  m_ReflectionProbeUsage: 1
  m_RayTracingMode: 2
  m_RenderingLayerMask: 1
  m_RendererPriority: 0
  m_Materials:
  - {fileID: 2100000, guid: e463bbee8117a224983f0ee91f51fad3, type: 2}
  m_StaticBatchInfo:
    firstSubMesh: 0
    subMeshCount: 0
  m_StaticBatchRoot: {fileID: 0}
  m_ProbeAnchor: {fileID: 0}
  m_LightProbeVolumeOverride: {fileID: 0}
  m_ScaleInLightmap: 1
  m_ReceiveGI: 1
  m_PreserveUVs: 0
  m_IgnoreNormalsForChartDetection: 0
  m_ImportantGI: 0
  m_StitchLightmapSeams: 1
  m_SelectedEditorRenderState: 3
  m_MinimumChartSize: 4
  m_AutoUVMaxDistance: 0.5
  m_AutoUVMaxAngle: 89
  m_LightmapParameters: {fileID: 0}
  m_SortingLayerID: 0
  m_SortingLayer: 0
  m_SortingOrder: 0
--- !u!33 &569068752
MeshFilter:
  m_ObjectHideFlags: 0
  m_CorrespondingSourceObject: {fileID: 0}
  m_PrefabInstance: {fileID: 0}
  m_PrefabAsset: {fileID: 0}
  m_GameObject: {fileID: 569068748}
  m_Mesh: {fileID: 10202, guid: 0000000000000000e000000000000000, type: 0}
--- !u!1001 &585780432
PrefabInstance:
  m_ObjectHideFlags: 0
  serializedVersion: 2
  m_Modification:
    m_TransformParent: {fileID: 68500220}
    m_Modifications:
    - target: {fileID: 6068709781190506243, guid: 3c6b2505aacf8fb4680722ad57944a08,
        type: 3}
      propertyPath: m_LocalPosition.x
      value: -5
      objectReference: {fileID: 0}
    - target: {fileID: 6068709781190506243, guid: 3c6b2505aacf8fb4680722ad57944a08,
        type: 3}
      propertyPath: m_LocalPosition.y
      value: 0.5
      objectReference: {fileID: 0}
    - target: {fileID: 6068709781190506243, guid: 3c6b2505aacf8fb4680722ad57944a08,
        type: 3}
      propertyPath: m_LocalPosition.z
      value: -5
      objectReference: {fileID: 0}
    - target: {fileID: 6068709781190506243, guid: 3c6b2505aacf8fb4680722ad57944a08,
        type: 3}
      propertyPath: m_LocalRotation.x
      value: 0.46193978
      objectReference: {fileID: 0}
    - target: {fileID: 6068709781190506243, guid: 3c6b2505aacf8fb4680722ad57944a08,
        type: 3}
      propertyPath: m_LocalRotation.y
      value: 0.19134173
      objectReference: {fileID: 0}
    - target: {fileID: 6068709781190506243, guid: 3c6b2505aacf8fb4680722ad57944a08,
        type: 3}
      propertyPath: m_LocalRotation.z
      value: 0.19134173
      objectReference: {fileID: 0}
    - target: {fileID: 6068709781190506243, guid: 3c6b2505aacf8fb4680722ad57944a08,
        type: 3}
      propertyPath: m_LocalRotation.w
      value: 0.84462327
      objectReference: {fileID: 0}
    - target: {fileID: 6068709781190506243, guid: 3c6b2505aacf8fb4680722ad57944a08,
        type: 3}
      propertyPath: m_RootOrder
      value: 5
      objectReference: {fileID: 0}
    - target: {fileID: 6068709781190506243, guid: 3c6b2505aacf8fb4680722ad57944a08,
        type: 3}
      propertyPath: m_LocalEulerAnglesHint.x
      value: 45
      objectReference: {fileID: 0}
    - target: {fileID: 6068709781190506243, guid: 3c6b2505aacf8fb4680722ad57944a08,
        type: 3}
      propertyPath: m_LocalEulerAnglesHint.y
      value: 45
      objectReference: {fileID: 0}
    - target: {fileID: 6068709781190506243, guid: 3c6b2505aacf8fb4680722ad57944a08,
        type: 3}
      propertyPath: m_LocalEulerAnglesHint.z
      value: 45
      objectReference: {fileID: 0}
    - target: {fileID: 6068709781190506248, guid: 3c6b2505aacf8fb4680722ad57944a08,
        type: 3}
      propertyPath: m_Name
      value: PickUp (5)
      objectReference: {fileID: 0}
    m_RemovedComponents: []
  m_SourcePrefab: {fileID: 100100000, guid: 3c6b2505aacf8fb4680722ad57944a08, type: 3}
--- !u!4 &585780433 stripped
Transform:
  m_CorrespondingSourceObject: {fileID: 6068709781190506243, guid: 3c6b2505aacf8fb4680722ad57944a08,
    type: 3}
  m_PrefabInstance: {fileID: 585780432}
  m_PrefabAsset: {fileID: 0}
--- !u!1 &620125387
GameObject:
  m_ObjectHideFlags: 0
  m_CorrespondingSourceObject: {fileID: 0}
  m_PrefabInstance: {fileID: 0}
  m_PrefabAsset: {fileID: 0}
  serializedVersion: 6
  m_Component:
  - component: {fileID: 620125391}
  - component: {fileID: 620125390}
  - component: {fileID: 620125389}
  - component: {fileID: 620125388}
  m_Layer: 5
  m_Name: Canvas
  m_TagString: Untagged
  m_Icon: {fileID: 0}
  m_NavMeshLayer: 0
  m_StaticEditorFlags: 0
  m_IsActive: 1
--- !u!114 &620125388
MonoBehaviour:
  m_ObjectHideFlags: 0
  m_CorrespondingSourceObject: {fileID: 0}
  m_PrefabInstance: {fileID: 0}
  m_PrefabAsset: {fileID: 0}
  m_GameObject: {fileID: 620125387}
  m_Enabled: 1
  m_EditorHideFlags: 0
  m_Script: {fileID: 11500000, guid: dc42784cf147c0c48a680349fa168899, type: 3}
  m_Name: 
  m_EditorClassIdentifier: 
  m_IgnoreReversedGraphics: 1
  m_BlockingObjects: 0
  m_BlockingMask:
    serializedVersion: 2
    m_Bits: 4294967295
--- !u!114 &620125389
MonoBehaviour:
  m_ObjectHideFlags: 0
  m_CorrespondingSourceObject: {fileID: 0}
  m_PrefabInstance: {fileID: 0}
  m_PrefabAsset: {fileID: 0}
  m_GameObject: {fileID: 620125387}
  m_Enabled: 1
  m_EditorHideFlags: 0
  m_Script: {fileID: 11500000, guid: 0cd44c1031e13a943bb63640046fad76, type: 3}
  m_Name: 
  m_EditorClassIdentifier: 
  m_UiScaleMode: 0
  m_ReferencePixelsPerUnit: 100
  m_ScaleFactor: 1
  m_ReferenceResolution: {x: 800, y: 600}
  m_ScreenMatchMode: 0
  m_MatchWidthOrHeight: 0
  m_PhysicalUnit: 3
  m_FallbackScreenDPI: 96
  m_DefaultSpriteDPI: 96
  m_DynamicPixelsPerUnit: 1
--- !u!223 &620125390
Canvas:
  m_ObjectHideFlags: 0
  m_CorrespondingSourceObject: {fileID: 0}
  m_PrefabInstance: {fileID: 0}
  m_PrefabAsset: {fileID: 0}
  m_GameObject: {fileID: 620125387}
  m_Enabled: 1
  serializedVersion: 3
  m_RenderMode: 0
  m_Camera: {fileID: 0}
  m_PlaneDistance: 100
  m_PixelPerfect: 0
  m_ReceivesEvents: 1
  m_OverrideSorting: 0
  m_OverridePixelPerfect: 0
  m_SortingBucketNormalizedSize: 0
  m_AdditionalShaderChannelsFlag: 25
  m_SortingLayerID: 0
  m_SortingOrder: 0
  m_TargetDisplay: 0
--- !u!224 &620125391
RectTransform:
  m_ObjectHideFlags: 0
  m_CorrespondingSourceObject: {fileID: 0}
  m_PrefabInstance: {fileID: 0}
  m_PrefabAsset: {fileID: 0}
  m_GameObject: {fileID: 620125387}
  m_LocalRotation: {x: 0, y: 0, z: 0, w: 1}
  m_LocalPosition: {x: 0, y: 0, z: 0}
  m_LocalScale: {x: 0, y: 0, z: 0}
  m_Children:
  - {fileID: 2094894889}
  - {fileID: 1508361054}
  m_Father: {fileID: 0}
  m_RootOrder: 6
  m_LocalEulerAnglesHint: {x: 0, y: 0, z: 0}
  m_AnchorMin: {x: 0, y: 0}
  m_AnchorMax: {x: 0, y: 0}
  m_AnchoredPosition: {x: 0, y: 0}
  m_SizeDelta: {x: 0, y: 0}
  m_Pivot: {x: 0, y: 0}
--- !u!1001 &649522389
PrefabInstance:
  m_ObjectHideFlags: 0
  serializedVersion: 2
  m_Modification:
    m_TransformParent: {fileID: 68500220}
    m_Modifications:
    - target: {fileID: 6068709781190506243, guid: 3c6b2505aacf8fb4680722ad57944a08,
        type: 3}
      propertyPath: m_LocalPosition.x
      value: -7
      objectReference: {fileID: 0}
    - target: {fileID: 6068709781190506243, guid: 3c6b2505aacf8fb4680722ad57944a08,
        type: 3}
      propertyPath: m_LocalPosition.y
      value: 0.5
      objectReference: {fileID: 0}
    - target: {fileID: 6068709781190506243, guid: 3c6b2505aacf8fb4680722ad57944a08,
        type: 3}
      propertyPath: m_LocalPosition.z
      value: 0
      objectReference: {fileID: 0}
    - target: {fileID: 6068709781190506243, guid: 3c6b2505aacf8fb4680722ad57944a08,
        type: 3}
      propertyPath: m_LocalRotation.x
      value: 0.46193978
      objectReference: {fileID: 0}
    - target: {fileID: 6068709781190506243, guid: 3c6b2505aacf8fb4680722ad57944a08,
        type: 3}
      propertyPath: m_LocalRotation.y
      value: 0.19134173
      objectReference: {fileID: 0}
    - target: {fileID: 6068709781190506243, guid: 3c6b2505aacf8fb4680722ad57944a08,
        type: 3}
      propertyPath: m_LocalRotation.z
      value: 0.19134173
      objectReference: {fileID: 0}
    - target: {fileID: 6068709781190506243, guid: 3c6b2505aacf8fb4680722ad57944a08,
        type: 3}
      propertyPath: m_LocalRotation.w
      value: 0.84462327
      objectReference: {fileID: 0}
    - target: {fileID: 6068709781190506243, guid: 3c6b2505aacf8fb4680722ad57944a08,
        type: 3}
      propertyPath: m_RootOrder
      value: 4
      objectReference: {fileID: 0}
    - target: {fileID: 6068709781190506243, guid: 3c6b2505aacf8fb4680722ad57944a08,
        type: 3}
      propertyPath: m_LocalEulerAnglesHint.x
      value: 45
      objectReference: {fileID: 0}
    - target: {fileID: 6068709781190506243, guid: 3c6b2505aacf8fb4680722ad57944a08,
        type: 3}
      propertyPath: m_LocalEulerAnglesHint.y
      value: 45
      objectReference: {fileID: 0}
    - target: {fileID: 6068709781190506243, guid: 3c6b2505aacf8fb4680722ad57944a08,
        type: 3}
      propertyPath: m_LocalEulerAnglesHint.z
      value: 45
      objectReference: {fileID: 0}
    - target: {fileID: 6068709781190506248, guid: 3c6b2505aacf8fb4680722ad57944a08,
        type: 3}
      propertyPath: m_Name
      value: PickUp (4)
      objectReference: {fileID: 0}
    m_RemovedComponents: []
  m_SourcePrefab: {fileID: 100100000, guid: 3c6b2505aacf8fb4680722ad57944a08, type: 3}
--- !u!4 &649522390 stripped
Transform:
  m_CorrespondingSourceObject: {fileID: 6068709781190506243, guid: 3c6b2505aacf8fb4680722ad57944a08,
    type: 3}
  m_PrefabInstance: {fileID: 649522389}
  m_PrefabAsset: {fileID: 0}
--- !u!1 &711101415
GameObject:
  m_ObjectHideFlags: 0
  m_CorrespondingSourceObject: {fileID: 0}
  m_PrefabInstance: {fileID: 0}
  m_PrefabAsset: {fileID: 0}
  serializedVersion: 6
  m_Component:
  - component: {fileID: 711101419}
  - component: {fileID: 711101418}
  - component: {fileID: 711101417}
  - component: {fileID: 711101416}
  m_Layer: 0
  m_Name: Ground
  m_TagString: Untagged
  m_Icon: {fileID: 0}
  m_NavMeshLayer: 0
  m_StaticEditorFlags: 0
  m_IsActive: 1
--- !u!64 &711101416
MeshCollider:
  m_ObjectHideFlags: 0
  m_CorrespondingSourceObject: {fileID: 0}
  m_PrefabInstance: {fileID: 0}
  m_PrefabAsset: {fileID: 0}
  m_GameObject: {fileID: 711101415}
  m_Material: {fileID: 0}
  m_IsTrigger: 0
  m_Enabled: 1
  serializedVersion: 4
  m_Convex: 0
  m_CookingOptions: 30
  m_Mesh: {fileID: 10209, guid: 0000000000000000e000000000000000, type: 0}
--- !u!23 &711101417
MeshRenderer:
  m_ObjectHideFlags: 0
  m_CorrespondingSourceObject: {fileID: 0}
  m_PrefabInstance: {fileID: 0}
  m_PrefabAsset: {fileID: 0}
  m_GameObject: {fileID: 711101415}
  m_Enabled: 1
  m_CastShadows: 1
  m_ReceiveShadows: 1
  m_DynamicOccludee: 1
  m_MotionVectors: 1
  m_LightProbeUsage: 1
  m_ReflectionProbeUsage: 1
  m_RayTracingMode: 2
  m_RenderingLayerMask: 1
  m_RendererPriority: 0
  m_Materials:
  - {fileID: 2100000, guid: 107d9bfa7ed572d428c4095229b73882, type: 2}
  m_StaticBatchInfo:
    firstSubMesh: 0
    subMeshCount: 0
  m_StaticBatchRoot: {fileID: 0}
  m_ProbeAnchor: {fileID: 0}
  m_LightProbeVolumeOverride: {fileID: 0}
  m_ScaleInLightmap: 1
  m_ReceiveGI: 1
  m_PreserveUVs: 0
  m_IgnoreNormalsForChartDetection: 0
  m_ImportantGI: 0
  m_StitchLightmapSeams: 1
  m_SelectedEditorRenderState: 3
  m_MinimumChartSize: 4
  m_AutoUVMaxDistance: 0.5
  m_AutoUVMaxAngle: 89
  m_LightmapParameters: {fileID: 0}
  m_SortingLayerID: 0
  m_SortingLayer: 0
  m_SortingOrder: 0
--- !u!33 &711101418
MeshFilter:
  m_ObjectHideFlags: 0
  m_CorrespondingSourceObject: {fileID: 0}
  m_PrefabInstance: {fileID: 0}
  m_PrefabAsset: {fileID: 0}
  m_GameObject: {fileID: 711101415}
  m_Mesh: {fileID: 10209, guid: 0000000000000000e000000000000000, type: 0}
--- !u!4 &711101419
Transform:
  m_ObjectHideFlags: 0
  m_CorrespondingSourceObject: {fileID: 0}
  m_PrefabInstance: {fileID: 0}
  m_PrefabAsset: {fileID: 0}
  m_GameObject: {fileID: 711101415}
  m_LocalRotation: {x: -0, y: -0, z: -0, w: 1}
  m_LocalPosition: {x: 0, y: 0, z: 0}
  m_LocalScale: {x: 2, y: 1, z: 2}
  m_Children: []
  m_Father: {fileID: 0}
  m_RootOrder: 0
  m_LocalEulerAnglesHint: {x: 0, y: 0, z: 0}
--- !u!1001 &725553513
PrefabInstance:
  m_ObjectHideFlags: 0
  serializedVersion: 2
  m_Modification:
    m_TransformParent: {fileID: 68500220}
    m_Modifications:
    - target: {fileID: 6068709781190506243, guid: 3c6b2505aacf8fb4680722ad57944a08,
        type: 3}
      propertyPath: m_LocalPosition.x
      value: 6
      objectReference: {fileID: 0}
    - target: {fileID: 6068709781190506243, guid: 3c6b2505aacf8fb4680722ad57944a08,
        type: 3}
      propertyPath: m_LocalPosition.y
      value: 0.5
      objectReference: {fileID: 0}
    - target: {fileID: 6068709781190506243, guid: 3c6b2505aacf8fb4680722ad57944a08,
        type: 3}
      propertyPath: m_LocalPosition.z
      value: -5
      objectReference: {fileID: 0}
    - target: {fileID: 6068709781190506243, guid: 3c6b2505aacf8fb4680722ad57944a08,
        type: 3}
      propertyPath: m_LocalRotation.x
      value: 0.46193978
      objectReference: {fileID: 0}
    - target: {fileID: 6068709781190506243, guid: 3c6b2505aacf8fb4680722ad57944a08,
        type: 3}
      propertyPath: m_LocalRotation.y
      value: 0.19134173
      objectReference: {fileID: 0}
    - target: {fileID: 6068709781190506243, guid: 3c6b2505aacf8fb4680722ad57944a08,
        type: 3}
      propertyPath: m_LocalRotation.z
      value: 0.19134173
      objectReference: {fileID: 0}
    - target: {fileID: 6068709781190506243, guid: 3c6b2505aacf8fb4680722ad57944a08,
        type: 3}
      propertyPath: m_LocalRotation.w
      value: 0.84462327
      objectReference: {fileID: 0}
    - target: {fileID: 6068709781190506243, guid: 3c6b2505aacf8fb4680722ad57944a08,
        type: 3}
      propertyPath: m_RootOrder
      value: 7
      objectReference: {fileID: 0}
    - target: {fileID: 6068709781190506243, guid: 3c6b2505aacf8fb4680722ad57944a08,
        type: 3}
      propertyPath: m_LocalEulerAnglesHint.x
      value: 45
      objectReference: {fileID: 0}
    - target: {fileID: 6068709781190506243, guid: 3c6b2505aacf8fb4680722ad57944a08,
        type: 3}
      propertyPath: m_LocalEulerAnglesHint.y
      value: 45
      objectReference: {fileID: 0}
    - target: {fileID: 6068709781190506243, guid: 3c6b2505aacf8fb4680722ad57944a08,
        type: 3}
      propertyPath: m_LocalEulerAnglesHint.z
      value: 45
      objectReference: {fileID: 0}
    - target: {fileID: 6068709781190506248, guid: 3c6b2505aacf8fb4680722ad57944a08,
        type: 3}
      propertyPath: m_Name
      value: PickUp (7)
      objectReference: {fileID: 0}
    m_RemovedComponents: []
  m_SourcePrefab: {fileID: 100100000, guid: 3c6b2505aacf8fb4680722ad57944a08, type: 3}
--- !u!4 &725553514 stripped
Transform:
  m_CorrespondingSourceObject: {fileID: 6068709781190506243, guid: 3c6b2505aacf8fb4680722ad57944a08,
    type: 3}
  m_PrefabInstance: {fileID: 725553513}
  m_PrefabAsset: {fileID: 0}
--- !u!1 &951995957
GameObject:
  m_ObjectHideFlags: 0
  m_CorrespondingSourceObject: {fileID: 0}
  m_PrefabInstance: {fileID: 0}
  m_PrefabAsset: {fileID: 0}
  serializedVersion: 6
  m_Component:
  - component: {fileID: 951995960}
  - component: {fileID: 951995959}
  - component: {fileID: 951995958}
  - component: {fileID: 951995961}
  m_Layer: 0
  m_Name: Main Camera
  m_TagString: MainCamera
  m_Icon: {fileID: 0}
  m_NavMeshLayer: 0
  m_StaticEditorFlags: 0
  m_IsActive: 1
--- !u!81 &951995958
AudioListener:
  m_ObjectHideFlags: 0
  m_CorrespondingSourceObject: {fileID: 0}
  m_PrefabInstance: {fileID: 0}
  m_PrefabAsset: {fileID: 0}
  m_GameObject: {fileID: 951995957}
  m_Enabled: 1
--- !u!20 &951995959
Camera:
  m_ObjectHideFlags: 0
  m_CorrespondingSourceObject: {fileID: 0}
  m_PrefabInstance: {fileID: 0}
  m_PrefabAsset: {fileID: 0}
  m_GameObject: {fileID: 951995957}
  m_Enabled: 1
  serializedVersion: 2
  m_ClearFlags: 1
  m_BackGroundColor: {r: 0.19215687, g: 0.3019608, b: 0.4745098, a: 0}
  m_projectionMatrixMode: 1
  m_GateFitMode: 2
  m_FOVAxisMode: 0
  m_SensorSize: {x: 36, y: 24}
  m_LensShift: {x: 0, y: 0}
  m_FocalLength: 50
  m_NormalizedViewPortRect:
    serializedVersion: 2
    x: 0
    y: 0
    width: 1
    height: 1
  near clip plane: 0.3
  far clip plane: 1000
  field of view: 60
  orthographic: 0
  orthographic size: 5
  m_Depth: -1
  m_CullingMask:
    serializedVersion: 2
    m_Bits: 4294967295
  m_RenderingPath: -1
  m_TargetTexture: {fileID: 0}
  m_TargetDisplay: 0
  m_TargetEye: 3
  m_HDR: 1
  m_AllowMSAA: 1
  m_AllowDynamicResolution: 0
  m_ForceIntoRT: 0
  m_OcclusionCulling: 1
  m_StereoConvergence: 10
  m_StereoSeparation: 0.022
--- !u!4 &951995960
Transform:
  m_ObjectHideFlags: 0
  m_CorrespondingSourceObject: {fileID: 0}
  m_PrefabInstance: {fileID: 0}
  m_PrefabAsset: {fileID: 0}
  m_GameObject: {fileID: 951995957}
  m_LocalRotation: {x: 0.38268343, y: -0, z: -0, w: 0.92387956}
  m_LocalPosition: {x: 0, y: 10, z: -10}
  m_LocalScale: {x: 1, y: 1, z: 1}
  m_Children: []
  m_Father: {fileID: 0}
  m_RootOrder: 2
  m_LocalEulerAnglesHint: {x: 45, y: 0, z: 0}
--- !u!114 &951995961
MonoBehaviour:
  m_ObjectHideFlags: 0
  m_CorrespondingSourceObject: {fileID: 0}
  m_PrefabInstance: {fileID: 0}
  m_PrefabAsset: {fileID: 0}
  m_GameObject: {fileID: 951995957}
  m_Enabled: 1
  m_EditorHideFlags: 0
  m_Script: {fileID: 11500000, guid: aa241b44457ea9f499f1ef65f119b13f, type: 3}
  m_Name: 
  m_EditorClassIdentifier: 
  player: {fileID: 2125633147}
--- !u!1 &1022928634
GameObject:
  m_ObjectHideFlags: 0
  m_CorrespondingSourceObject: {fileID: 0}
  m_PrefabInstance: {fileID: 0}
  m_PrefabAsset: {fileID: 0}
  serializedVersion: 6
  m_Component:
  - component: {fileID: 1022928635}
  - component: {fileID: 1022928638}
  - component: {fileID: 1022928637}
  - component: {fileID: 1022928636}
  m_Layer: 0
  m_Name: North Wall
  m_TagString: Untagged
  m_Icon: {fileID: 0}
  m_NavMeshLayer: 0
  m_StaticEditorFlags: 0
  m_IsActive: 1
--- !u!4 &1022928635
Transform:
  m_ObjectHideFlags: 0
  m_CorrespondingSourceObject: {fileID: 0}
  m_PrefabInstance: {fileID: 0}
  m_PrefabAsset: {fileID: 0}
  m_GameObject: {fileID: 1022928634}
  m_LocalRotation: {x: 0, y: 0.7071068, z: 0, w: 0.7071068}
  m_LocalPosition: {x: -0, y: 0, z: 10}
  m_LocalScale: {x: 0.5, y: 2, z: 20.5}
  m_Children: []
  m_Father: {fileID: 1524204089}
  m_RootOrder: 2
  m_LocalEulerAnglesHint: {x: 0, y: 90, z: 0}
--- !u!65 &1022928636
BoxCollider:
  m_ObjectHideFlags: 0
  m_CorrespondingSourceObject: {fileID: 0}
  m_PrefabInstance: {fileID: 0}
  m_PrefabAsset: {fileID: 0}
  m_GameObject: {fileID: 1022928634}
  m_Material: {fileID: 0}
  m_IsTrigger: 0
  m_Enabled: 1
  serializedVersion: 2
  m_Size: {x: 1, y: 1, z: 1}
  m_Center: {x: 0, y: 0, z: 0}
--- !u!23 &1022928637
MeshRenderer:
  m_ObjectHideFlags: 0
  m_CorrespondingSourceObject: {fileID: 0}
  m_PrefabInstance: {fileID: 0}
  m_PrefabAsset: {fileID: 0}
  m_GameObject: {fileID: 1022928634}
  m_Enabled: 1
  m_CastShadows: 1
  m_ReceiveShadows: 1
  m_DynamicOccludee: 1
  m_MotionVectors: 1
  m_LightProbeUsage: 1
  m_ReflectionProbeUsage: 1
  m_RayTracingMode: 2
  m_RenderingLayerMask: 1
  m_RendererPriority: 0
  m_Materials:
  - {fileID: 2100000, guid: e463bbee8117a224983f0ee91f51fad3, type: 2}
  m_StaticBatchInfo:
    firstSubMesh: 0
    subMeshCount: 0
  m_StaticBatchRoot: {fileID: 0}
  m_ProbeAnchor: {fileID: 0}
  m_LightProbeVolumeOverride: {fileID: 0}
  m_ScaleInLightmap: 1
  m_ReceiveGI: 1
  m_PreserveUVs: 0
  m_IgnoreNormalsForChartDetection: 0
  m_ImportantGI: 0
  m_StitchLightmapSeams: 1
  m_SelectedEditorRenderState: 3
  m_MinimumChartSize: 4
  m_AutoUVMaxDistance: 0.5
  m_AutoUVMaxAngle: 89
  m_LightmapParameters: {fileID: 0}
  m_SortingLayerID: 0
  m_SortingLayer: 0
  m_SortingOrder: 0
--- !u!33 &1022928638
MeshFilter:
  m_ObjectHideFlags: 0
  m_CorrespondingSourceObject: {fileID: 0}
  m_PrefabInstance: {fileID: 0}
  m_PrefabAsset: {fileID: 0}
  m_GameObject: {fileID: 1022928634}
  m_Mesh: {fileID: 10202, guid: 0000000000000000e000000000000000, type: 0}
--- !u!1001 &1111565287
PrefabInstance:
  m_ObjectHideFlags: 0
  serializedVersion: 2
  m_Modification:
    m_TransformParent: {fileID: 68500220}
    m_Modifications:
    - target: {fileID: 6068709781190506243, guid: 3c6b2505aacf8fb4680722ad57944a08,
        type: 3}
      propertyPath: m_LocalPosition.x
      value: 8
      objectReference: {fileID: 0}
    - target: {fileID: 6068709781190506243, guid: 3c6b2505aacf8fb4680722ad57944a08,
        type: 3}
      propertyPath: m_LocalPosition.y
      value: 0.5
      objectReference: {fileID: 0}
    - target: {fileID: 6068709781190506243, guid: 3c6b2505aacf8fb4680722ad57944a08,
        type: 3}
      propertyPath: m_LocalPosition.z
      value: 5
      objectReference: {fileID: 0}
    - target: {fileID: 6068709781190506243, guid: 3c6b2505aacf8fb4680722ad57944a08,
        type: 3}
      propertyPath: m_LocalRotation.x
      value: 0.46193978
      objectReference: {fileID: 0}
    - target: {fileID: 6068709781190506243, guid: 3c6b2505aacf8fb4680722ad57944a08,
        type: 3}
      propertyPath: m_LocalRotation.y
      value: 0.19134173
      objectReference: {fileID: 0}
    - target: {fileID: 6068709781190506243, guid: 3c6b2505aacf8fb4680722ad57944a08,
        type: 3}
      propertyPath: m_LocalRotation.z
      value: 0.19134173
      objectReference: {fileID: 0}
    - target: {fileID: 6068709781190506243, guid: 3c6b2505aacf8fb4680722ad57944a08,
        type: 3}
      propertyPath: m_LocalRotation.w
      value: 0.84462327
      objectReference: {fileID: 0}
    - target: {fileID: 6068709781190506243, guid: 3c6b2505aacf8fb4680722ad57944a08,
        type: 3}
      propertyPath: m_RootOrder
      value: 9
      objectReference: {fileID: 0}
    - target: {fileID: 6068709781190506243, guid: 3c6b2505aacf8fb4680722ad57944a08,
        type: 3}
      propertyPath: m_LocalEulerAnglesHint.x
      value: 45
      objectReference: {fileID: 0}
    - target: {fileID: 6068709781190506243, guid: 3c6b2505aacf8fb4680722ad57944a08,
        type: 3}
      propertyPath: m_LocalEulerAnglesHint.y
      value: 45
      objectReference: {fileID: 0}
    - target: {fileID: 6068709781190506243, guid: 3c6b2505aacf8fb4680722ad57944a08,
        type: 3}
      propertyPath: m_LocalEulerAnglesHint.z
      value: 45
      objectReference: {fileID: 0}
    - target: {fileID: 6068709781190506248, guid: 3c6b2505aacf8fb4680722ad57944a08,
        type: 3}
      propertyPath: m_Name
      value: PickUp (9)
      objectReference: {fileID: 0}
    m_RemovedComponents: []
  m_SourcePrefab: {fileID: 100100000, guid: 3c6b2505aacf8fb4680722ad57944a08, type: 3}
--- !u!4 &1111565288 stripped
Transform:
  m_CorrespondingSourceObject: {fileID: 6068709781190506243, guid: 3c6b2505aacf8fb4680722ad57944a08,
    type: 3}
  m_PrefabInstance: {fileID: 1111565287}
  m_PrefabAsset: {fileID: 0}
--- !u!1001 &1129419251
PrefabInstance:
  m_ObjectHideFlags: 0
  serializedVersion: 2
  m_Modification:
    m_TransformParent: {fileID: 68500220}
    m_Modifications:
    - target: {fileID: 6068709781190506243, guid: 3c6b2505aacf8fb4680722ad57944a08,
        type: 3}
      propertyPath: m_LocalPosition.x
      value: 0
      objectReference: {fileID: 0}
    - target: {fileID: 6068709781190506243, guid: 3c6b2505aacf8fb4680722ad57944a08,
        type: 3}
      propertyPath: m_LocalPosition.y
      value: 0.5
      objectReference: {fileID: 0}
    - target: {fileID: 6068709781190506243, guid: 3c6b2505aacf8fb4680722ad57944a08,
        type: 3}
      propertyPath: m_LocalPosition.z
      value: -7
      objectReference: {fileID: 0}
    - target: {fileID: 6068709781190506243, guid: 3c6b2505aacf8fb4680722ad57944a08,
        type: 3}
      propertyPath: m_LocalRotation.x
      value: 0.46193978
      objectReference: {fileID: 0}
    - target: {fileID: 6068709781190506243, guid: 3c6b2505aacf8fb4680722ad57944a08,
        type: 3}
      propertyPath: m_LocalRotation.y
      value: 0.19134173
      objectReference: {fileID: 0}
    - target: {fileID: 6068709781190506243, guid: 3c6b2505aacf8fb4680722ad57944a08,
        type: 3}
      propertyPath: m_LocalRotation.z
      value: 0.19134173
      objectReference: {fileID: 0}
    - target: {fileID: 6068709781190506243, guid: 3c6b2505aacf8fb4680722ad57944a08,
        type: 3}
      propertyPath: m_LocalRotation.w
      value: 0.84462327
      objectReference: {fileID: 0}
    - target: {fileID: 6068709781190506243, guid: 3c6b2505aacf8fb4680722ad57944a08,
        type: 3}
      propertyPath: m_RootOrder
      value: 6
      objectReference: {fileID: 0}
    - target: {fileID: 6068709781190506243, guid: 3c6b2505aacf8fb4680722ad57944a08,
        type: 3}
      propertyPath: m_LocalEulerAnglesHint.x
      value: 45
      objectReference: {fileID: 0}
    - target: {fileID: 6068709781190506243, guid: 3c6b2505aacf8fb4680722ad57944a08,
        type: 3}
      propertyPath: m_LocalEulerAnglesHint.y
      value: 45
      objectReference: {fileID: 0}
    - target: {fileID: 6068709781190506243, guid: 3c6b2505aacf8fb4680722ad57944a08,
        type: 3}
      propertyPath: m_LocalEulerAnglesHint.z
      value: 45
      objectReference: {fileID: 0}
    - target: {fileID: 6068709781190506248, guid: 3c6b2505aacf8fb4680722ad57944a08,
        type: 3}
      propertyPath: m_Name
      value: PickUp (6)
      objectReference: {fileID: 0}
    m_RemovedComponents: []
  m_SourcePrefab: {fileID: 100100000, guid: 3c6b2505aacf8fb4680722ad57944a08, type: 3}
--- !u!4 &1129419252 stripped
Transform:
  m_CorrespondingSourceObject: {fileID: 6068709781190506243, guid: 3c6b2505aacf8fb4680722ad57944a08,
    type: 3}
  m_PrefabInstance: {fileID: 1129419251}
  m_PrefabAsset: {fileID: 0}
--- !u!1 &1135515491
GameObject:
  m_ObjectHideFlags: 0
  m_CorrespondingSourceObject: {fileID: 0}
  m_PrefabInstance: {fileID: 0}
  m_PrefabAsset: {fileID: 0}
  serializedVersion: 6
  m_Component:
  - component: {fileID: 1135515492}
  - component: {fileID: 1135515495}
  - component: {fileID: 1135515494}
  - component: {fileID: 1135515493}
  m_Layer: 0
  m_Name: West Wall
  m_TagString: Untagged
  m_Icon: {fileID: 0}
  m_NavMeshLayer: 0
  m_StaticEditorFlags: 0
  m_IsActive: 1
--- !u!4 &1135515492
Transform:
  m_ObjectHideFlags: 0
  m_CorrespondingSourceObject: {fileID: 0}
  m_PrefabInstance: {fileID: 0}
  m_PrefabAsset: {fileID: 0}
  m_GameObject: {fileID: 1135515491}
  m_LocalRotation: {x: -0, y: -0, z: -0, w: 1}
  m_LocalPosition: {x: -10, y: 0, z: 0}
  m_LocalScale: {x: 0.5, y: 2, z: 20.5}
  m_Children: []
  m_Father: {fileID: 1524204089}
  m_RootOrder: 0
  m_LocalEulerAnglesHint: {x: 0, y: 0, z: 0}
--- !u!65 &1135515493
BoxCollider:
  m_ObjectHideFlags: 0
  m_CorrespondingSourceObject: {fileID: 0}
  m_PrefabInstance: {fileID: 0}
  m_PrefabAsset: {fileID: 0}
  m_GameObject: {fileID: 1135515491}
  m_Material: {fileID: 0}
  m_IsTrigger: 0
  m_Enabled: 1
  serializedVersion: 2
  m_Size: {x: 1, y: 1, z: 1}
  m_Center: {x: 0, y: 0, z: 0}
--- !u!23 &1135515494
MeshRenderer:
  m_ObjectHideFlags: 0
  m_CorrespondingSourceObject: {fileID: 0}
  m_PrefabInstance: {fileID: 0}
  m_PrefabAsset: {fileID: 0}
  m_GameObject: {fileID: 1135515491}
  m_Enabled: 1
  m_CastShadows: 1
  m_ReceiveShadows: 1
  m_DynamicOccludee: 1
  m_MotionVectors: 1
  m_LightProbeUsage: 1
  m_ReflectionProbeUsage: 1
  m_RayTracingMode: 2
  m_RenderingLayerMask: 1
  m_RendererPriority: 0
  m_Materials:
  - {fileID: 2100000, guid: e463bbee8117a224983f0ee91f51fad3, type: 2}
  m_StaticBatchInfo:
    firstSubMesh: 0
    subMeshCount: 0
  m_StaticBatchRoot: {fileID: 0}
  m_ProbeAnchor: {fileID: 0}
  m_LightProbeVolumeOverride: {fileID: 0}
  m_ScaleInLightmap: 1
  m_ReceiveGI: 1
  m_PreserveUVs: 0
  m_IgnoreNormalsForChartDetection: 0
  m_ImportantGI: 0
  m_StitchLightmapSeams: 1
  m_SelectedEditorRenderState: 3
  m_MinimumChartSize: 4
  m_AutoUVMaxDistance: 0.5
  m_AutoUVMaxAngle: 89
  m_LightmapParameters: {fileID: 0}
  m_SortingLayerID: 0
  m_SortingLayer: 0
  m_SortingOrder: 0
--- !u!33 &1135515495
MeshFilter:
  m_ObjectHideFlags: 0
  m_CorrespondingSourceObject: {fileID: 0}
  m_PrefabInstance: {fileID: 0}
  m_PrefabAsset: {fileID: 0}
  m_GameObject: {fileID: 1135515491}
  m_Mesh: {fileID: 10202, guid: 0000000000000000e000000000000000, type: 0}
--- !u!1 &1213887597
GameObject:
  m_ObjectHideFlags: 0
  m_CorrespondingSourceObject: {fileID: 0}
  m_PrefabInstance: {fileID: 0}
  m_PrefabAsset: {fileID: 0}
  serializedVersion: 6
  m_Component:
  - component: {fileID: 1213887600}
  - component: {fileID: 1213887599}
  - component: {fileID: 1213887598}
  m_Layer: 0
  m_Name: EventSystem
  m_TagString: Untagged
  m_Icon: {fileID: 0}
  m_NavMeshLayer: 0
  m_StaticEditorFlags: 0
  m_IsActive: 1
--- !u!114 &1213887598
MonoBehaviour:
  m_ObjectHideFlags: 0
  m_CorrespondingSourceObject: {fileID: 0}
  m_PrefabInstance: {fileID: 0}
  m_PrefabAsset: {fileID: 0}
  m_GameObject: {fileID: 1213887597}
  m_Enabled: 1
  m_EditorHideFlags: 0
  m_Script: {fileID: 11500000, guid: 01614664b831546d2ae94a42149d80ac, type: 3}
  m_Name: 
  m_EditorClassIdentifier: 
  m_MoveRepeatDelay: 0.5
  m_MoveRepeatRate: 0.1
  m_ActionsAsset: {fileID: -944628639613478452, guid: ca9f5fa95ffab41fb9a615ab714db018,
    type: 3}
  m_PointAction: {fileID: 1054132383583890850, guid: ca9f5fa95ffab41fb9a615ab714db018,
    type: 3}
  m_MoveAction: {fileID: 3710738434707379630, guid: ca9f5fa95ffab41fb9a615ab714db018,
    type: 3}
  m_SubmitAction: {fileID: 2064916234097673511, guid: ca9f5fa95ffab41fb9a615ab714db018,
    type: 3}
  m_CancelAction: {fileID: -1967631576421560919, guid: ca9f5fa95ffab41fb9a615ab714db018,
    type: 3}
  m_LeftClickAction: {fileID: 8056856818456041789, guid: ca9f5fa95ffab41fb9a615ab714db018,
    type: 3}
  m_MiddleClickAction: {fileID: 3279352641294131588, guid: ca9f5fa95ffab41fb9a615ab714db018,
    type: 3}
  m_RightClickAction: {fileID: 3837173908680883260, guid: ca9f5fa95ffab41fb9a615ab714db018,
    type: 3}
  m_ScrollWheelAction: {fileID: 4502412055082496612, guid: ca9f5fa95ffab41fb9a615ab714db018,
    type: 3}
  m_TrackedDevicePositionAction: {fileID: 4754684134866288074, guid: ca9f5fa95ffab41fb9a615ab714db018,
    type: 3}
  m_TrackedDeviceOrientationAction: {fileID: 1025543830046995696, guid: ca9f5fa95ffab41fb9a615ab714db018,
    type: 3}
  m_DeselectOnBackgroundClick: 1
  m_PointerBehavior: 0
--- !u!114 &1213887599
MonoBehaviour:
  m_ObjectHideFlags: 0
  m_CorrespondingSourceObject: {fileID: 0}
  m_PrefabInstance: {fileID: 0}
  m_PrefabAsset: {fileID: 0}
  m_GameObject: {fileID: 1213887597}
  m_Enabled: 1
  m_EditorHideFlags: 0
  m_Script: {fileID: 11500000, guid: 76c392e42b5098c458856cdf6ecaaaa1, type: 3}
  m_Name: 
  m_EditorClassIdentifier: 
  m_FirstSelected: {fileID: 0}
  m_sendNavigationEvents: 1
  m_DragThreshold: 10
--- !u!4 &1213887600
Transform:
  m_ObjectHideFlags: 0
  m_CorrespondingSourceObject: {fileID: 0}
  m_PrefabInstance: {fileID: 0}
  m_PrefabAsset: {fileID: 0}
  m_GameObject: {fileID: 1213887597}
  m_LocalRotation: {x: 0, y: 0, z: 0, w: 1}
  m_LocalPosition: {x: 0, y: 0, z: 0}
  m_LocalScale: {x: 1, y: 1, z: 1}
  m_Children: []
  m_Father: {fileID: 0}
  m_RootOrder: 7
  m_LocalEulerAnglesHint: {x: 0, y: 0, z: 0}
--- !u!1 &1244100271
GameObject:
  m_ObjectHideFlags: 0
  m_CorrespondingSourceObject: {fileID: 0}
  m_PrefabInstance: {fileID: 0}
  m_PrefabAsset: {fileID: 0}
  serializedVersion: 6
  m_Component:
  - component: {fileID: 1244100272}
  - component: {fileID: 1244100275}
  - component: {fileID: 1244100274}
  - component: {fileID: 1244100273}
  m_Layer: 0
  m_Name: South Wall
  m_TagString: Untagged
  m_Icon: {fileID: 0}
  m_NavMeshLayer: 0
  m_StaticEditorFlags: 0
  m_IsActive: 1
--- !u!4 &1244100272
Transform:
  m_ObjectHideFlags: 0
  m_CorrespondingSourceObject: {fileID: 0}
  m_PrefabInstance: {fileID: 0}
  m_PrefabAsset: {fileID: 0}
  m_GameObject: {fileID: 1244100271}
  m_LocalRotation: {x: 0, y: 0.7071068, z: 0, w: 0.7071068}
  m_LocalPosition: {x: -0, y: 0, z: -10}
  m_LocalScale: {x: 0.5, y: 2, z: 20.5}
  m_Children: []
  m_Father: {fileID: 1524204089}
  m_RootOrder: 3
  m_LocalEulerAnglesHint: {x: 0, y: 90, z: 0}
--- !u!65 &1244100273
BoxCollider:
  m_ObjectHideFlags: 0
  m_CorrespondingSourceObject: {fileID: 0}
  m_PrefabInstance: {fileID: 0}
  m_PrefabAsset: {fileID: 0}
  m_GameObject: {fileID: 1244100271}
  m_Material: {fileID: 0}
  m_IsTrigger: 0
  m_Enabled: 1
  serializedVersion: 2
  m_Size: {x: 1, y: 1, z: 1}
  m_Center: {x: 0, y: 0, z: 0}
--- !u!23 &1244100274
MeshRenderer:
  m_ObjectHideFlags: 0
  m_CorrespondingSourceObject: {fileID: 0}
  m_PrefabInstance: {fileID: 0}
  m_PrefabAsset: {fileID: 0}
  m_GameObject: {fileID: 1244100271}
  m_Enabled: 1
  m_CastShadows: 1
  m_ReceiveShadows: 1
  m_DynamicOccludee: 1
  m_MotionVectors: 1
  m_LightProbeUsage: 1
  m_ReflectionProbeUsage: 1
  m_RayTracingMode: 2
  m_RenderingLayerMask: 1
  m_RendererPriority: 0
  m_Materials:
  - {fileID: 2100000, guid: e463bbee8117a224983f0ee91f51fad3, type: 2}
  m_StaticBatchInfo:
    firstSubMesh: 0
    subMeshCount: 0
  m_StaticBatchRoot: {fileID: 0}
  m_ProbeAnchor: {fileID: 0}
  m_LightProbeVolumeOverride: {fileID: 0}
  m_ScaleInLightmap: 1
  m_ReceiveGI: 1
  m_PreserveUVs: 0
  m_IgnoreNormalsForChartDetection: 0
  m_ImportantGI: 0
  m_StitchLightmapSeams: 1
  m_SelectedEditorRenderState: 3
  m_MinimumChartSize: 4
  m_AutoUVMaxDistance: 0.5
  m_AutoUVMaxAngle: 89
  m_LightmapParameters: {fileID: 0}
  m_SortingLayerID: 0
  m_SortingLayer: 0
  m_SortingOrder: 0
--- !u!33 &1244100275
MeshFilter:
  m_ObjectHideFlags: 0
  m_CorrespondingSourceObject: {fileID: 0}
  m_PrefabInstance: {fileID: 0}
  m_PrefabAsset: {fileID: 0}
  m_GameObject: {fileID: 1244100271}
  m_Mesh: {fileID: 10202, guid: 0000000000000000e000000000000000, type: 0}
--- !u!1001 &1252391858
PrefabInstance:
  m_ObjectHideFlags: 0
  serializedVersion: 2
  m_Modification:
    m_TransformParent: {fileID: 68500220}
    m_Modifications:
    - target: {fileID: 6068709781190506243, guid: 3c6b2505aacf8fb4680722ad57944a08,
        type: 3}
      propertyPath: m_LocalPosition.x
      value: -5
      objectReference: {fileID: 0}
    - target: {fileID: 6068709781190506243, guid: 3c6b2505aacf8fb4680722ad57944a08,
        type: 3}
      propertyPath: m_LocalPosition.y
      value: 0.5
      objectReference: {fileID: 0}
    - target: {fileID: 6068709781190506243, guid: 3c6b2505aacf8fb4680722ad57944a08,
        type: 3}
      propertyPath: m_LocalPosition.z
      value: 5
      objectReference: {fileID: 0}
    - target: {fileID: 6068709781190506243, guid: 3c6b2505aacf8fb4680722ad57944a08,
        type: 3}
      propertyPath: m_LocalRotation.x
      value: 0.46193978
      objectReference: {fileID: 0}
    - target: {fileID: 6068709781190506243, guid: 3c6b2505aacf8fb4680722ad57944a08,
        type: 3}
      propertyPath: m_LocalRotation.y
      value: 0.19134173
      objectReference: {fileID: 0}
    - target: {fileID: 6068709781190506243, guid: 3c6b2505aacf8fb4680722ad57944a08,
        type: 3}
      propertyPath: m_LocalRotation.z
      value: 0.19134173
      objectReference: {fileID: 0}
    - target: {fileID: 6068709781190506243, guid: 3c6b2505aacf8fb4680722ad57944a08,
        type: 3}
      propertyPath: m_LocalRotation.w
      value: 0.84462327
      objectReference: {fileID: 0}
    - target: {fileID: 6068709781190506243, guid: 3c6b2505aacf8fb4680722ad57944a08,
        type: 3}
      propertyPath: m_RootOrder
      value: 3
      objectReference: {fileID: 0}
    - target: {fileID: 6068709781190506243, guid: 3c6b2505aacf8fb4680722ad57944a08,
        type: 3}
      propertyPath: m_LocalEulerAnglesHint.x
      value: 45
      objectReference: {fileID: 0}
    - target: {fileID: 6068709781190506243, guid: 3c6b2505aacf8fb4680722ad57944a08,
        type: 3}
      propertyPath: m_LocalEulerAnglesHint.y
      value: 45
      objectReference: {fileID: 0}
    - target: {fileID: 6068709781190506243, guid: 3c6b2505aacf8fb4680722ad57944a08,
        type: 3}
      propertyPath: m_LocalEulerAnglesHint.z
      value: 45
      objectReference: {fileID: 0}
    - target: {fileID: 6068709781190506248, guid: 3c6b2505aacf8fb4680722ad57944a08,
        type: 3}
      propertyPath: m_Name
      value: PickUp (3)
      objectReference: {fileID: 0}
    m_RemovedComponents: []
  m_SourcePrefab: {fileID: 100100000, guid: 3c6b2505aacf8fb4680722ad57944a08, type: 3}
--- !u!4 &1252391859 stripped
Transform:
  m_CorrespondingSourceObject: {fileID: 6068709781190506243, guid: 3c6b2505aacf8fb4680722ad57944a08,
    type: 3}
  m_PrefabInstance: {fileID: 1252391858}
  m_PrefabAsset: {fileID: 0}
--- !u!1001 &1346240852
PrefabInstance:
  m_ObjectHideFlags: 0
  serializedVersion: 2
  m_Modification:
    m_TransformParent: {fileID: 68500220}
    m_Modifications:
    - target: {fileID: 6068709781190506243, guid: 3c6b2505aacf8fb4680722ad57944a08,
        type: 3}
      propertyPath: m_LocalPosition.x
      value: -8
      objectReference: {fileID: 0}
    - target: {fileID: 6068709781190506243, guid: 3c6b2505aacf8fb4680722ad57944a08,
        type: 3}
      propertyPath: m_LocalPosition.y
      value: 0.5
      objectReference: {fileID: 0}
    - target: {fileID: 6068709781190506243, guid: 3c6b2505aacf8fb4680722ad57944a08,
        type: 3}
      propertyPath: m_LocalPosition.z
      value: 5
      objectReference: {fileID: 0}
    - target: {fileID: 6068709781190506243, guid: 3c6b2505aacf8fb4680722ad57944a08,
        type: 3}
      propertyPath: m_LocalRotation.x
      value: 0.46193978
      objectReference: {fileID: 0}
    - target: {fileID: 6068709781190506243, guid: 3c6b2505aacf8fb4680722ad57944a08,
        type: 3}
      propertyPath: m_LocalRotation.y
      value: 0.19134173
      objectReference: {fileID: 0}
    - target: {fileID: 6068709781190506243, guid: 3c6b2505aacf8fb4680722ad57944a08,
        type: 3}
      propertyPath: m_LocalRotation.z
      value: 0.19134173
      objectReference: {fileID: 0}
    - target: {fileID: 6068709781190506243, guid: 3c6b2505aacf8fb4680722ad57944a08,
        type: 3}
      propertyPath: m_LocalRotation.w
      value: 0.84462327
      objectReference: {fileID: 0}
    - target: {fileID: 6068709781190506243, guid: 3c6b2505aacf8fb4680722ad57944a08,
        type: 3}
      propertyPath: m_RootOrder
      value: 8
      objectReference: {fileID: 0}
    - target: {fileID: 6068709781190506243, guid: 3c6b2505aacf8fb4680722ad57944a08,
        type: 3}
      propertyPath: m_LocalEulerAnglesHint.x
      value: 45
      objectReference: {fileID: 0}
    - target: {fileID: 6068709781190506243, guid: 3c6b2505aacf8fb4680722ad57944a08,
        type: 3}
      propertyPath: m_LocalEulerAnglesHint.y
      value: 45
      objectReference: {fileID: 0}
    - target: {fileID: 6068709781190506243, guid: 3c6b2505aacf8fb4680722ad57944a08,
        type: 3}
      propertyPath: m_LocalEulerAnglesHint.z
      value: 45
      objectReference: {fileID: 0}
    - target: {fileID: 6068709781190506248, guid: 3c6b2505aacf8fb4680722ad57944a08,
        type: 3}
      propertyPath: m_Name
      value: PickUp (8)
      objectReference: {fileID: 0}
    m_RemovedComponents: []
  m_SourcePrefab: {fileID: 100100000, guid: 3c6b2505aacf8fb4680722ad57944a08, type: 3}
--- !u!4 &1346240853 stripped
Transform:
  m_CorrespondingSourceObject: {fileID: 6068709781190506243, guid: 3c6b2505aacf8fb4680722ad57944a08,
    type: 3}
  m_PrefabInstance: {fileID: 1346240852}
  m_PrefabAsset: {fileID: 0}
--- !u!1 &1508361053
GameObject:
  m_ObjectHideFlags: 0
  m_CorrespondingSourceObject: {fileID: 0}
  m_PrefabInstance: {fileID: 0}
  m_PrefabAsset: {fileID: 0}
  serializedVersion: 6
  m_Component:
  - component: {fileID: 1508361054}
  - component: {fileID: 1508361056}
  - component: {fileID: 1508361055}
  m_Layer: 5
  m_Name: WinText
  m_TagString: Untagged
  m_Icon: {fileID: 0}
  m_NavMeshLayer: 0
  m_StaticEditorFlags: 0
  m_IsActive: 1
--- !u!224 &1508361054
RectTransform:
  m_ObjectHideFlags: 0
  m_CorrespondingSourceObject: {fileID: 0}
  m_PrefabInstance: {fileID: 0}
  m_PrefabAsset: {fileID: 0}
  m_GameObject: {fileID: 1508361053}
  m_LocalRotation: {x: 0, y: 0, z: 0, w: 1}
  m_LocalPosition: {x: 0, y: 0, z: 0}
  m_LocalScale: {x: 1, y: 1, z: 1}
  m_Children: []
  m_Father: {fileID: 620125391}
  m_RootOrder: 1
  m_LocalEulerAnglesHint: {x: 0, y: 0, z: 0}
  m_AnchorMin: {x: 0.5, y: 0.5}
  m_AnchorMax: {x: 0.5, y: 0.5}
  m_AnchoredPosition: {x: 0, y: 130}
  m_SizeDelta: {x: 200, y: 50}
  m_Pivot: {x: 0.5, y: 0.5}
--- !u!114 &1508361055
MonoBehaviour:
  m_ObjectHideFlags: 0
  m_CorrespondingSourceObject: {fileID: 0}
  m_PrefabInstance: {fileID: 0}
  m_PrefabAsset: {fileID: 0}
  m_GameObject: {fileID: 1508361053}
  m_Enabled: 1
  m_EditorHideFlags: 0
  m_Script: {fileID: 11500000, guid: f4688fdb7df04437aeb418b961361dc5, type: 3}
  m_Name: 
  m_EditorClassIdentifier: 
  m_Material: {fileID: 0}
  m_Color: {r: 1, g: 1, b: 1, a: 1}
  m_RaycastTarget: 1
  m_Maskable: 1
  m_OnCullStateChanged:
    m_PersistentCalls:
      m_Calls: []
  m_text: You Win!
  m_isRightToLeft: 0
  m_fontAsset: {fileID: 11400000, guid: 8f586378b4e144a9851e7b34d9b748ee, type: 2}
  m_sharedMaterial: {fileID: 2180264, guid: 8f586378b4e144a9851e7b34d9b748ee, type: 2}
  m_fontSharedMaterials: []
  m_fontMaterial: {fileID: 0}
  m_fontMaterials: []
  m_fontColor32:
    serializedVersion: 2
    rgba: 4278190080
  m_fontColor: {r: 0, g: 0, b: 0, a: 1}
  m_enableVertexGradient: 0
  m_colorMode: 3
  m_fontColorGradient:
    topLeft: {r: 1, g: 1, b: 1, a: 1}
    topRight: {r: 1, g: 1, b: 1, a: 1}
    bottomLeft: {r: 1, g: 1, b: 1, a: 1}
    bottomRight: {r: 1, g: 1, b: 1, a: 1}
  m_fontColorGradientPreset: {fileID: 0}
  m_spriteAsset: {fileID: 0}
  m_tintAllSprites: 0
  m_StyleSheet: {fileID: 0}
  m_TextStyleHashCode: -1183493901
  m_overrideHtmlColors: 0
  m_faceColor:
    serializedVersion: 2
    rgba: 4294967295
  m_fontSize: 32
  m_fontSizeBase: 32
  m_fontWeight: 400
  m_enableAutoSizing: 0
  m_fontSizeMin: 18
  m_fontSizeMax: 72
  m_fontStyle: 1
  m_HorizontalAlignment: 2
  m_VerticalAlignment: 256
  m_textAlignment: 65535
  m_characterSpacing: 0
  m_wordSpacing: 0
  m_lineSpacing: 0
  m_lineSpacingMax: 0
  m_paragraphSpacing: 0
  m_charWidthMaxAdj: 0
  m_enableWordWrapping: 1
  m_wordWrappingRatios: 0.4
  m_overflowMode: 0
  m_linkedTextComponent: {fileID: 0}
  parentLinkedComponent: {fileID: 0}
  m_enableKerning: 1
  m_enableExtraPadding: 0
  checkPaddingRequired: 0
  m_isRichText: 1
  m_parseCtrlCharacters: 1
  m_isOrthographic: 1
  m_isCullingEnabled: 0
  m_horizontalMapping: 0
  m_verticalMapping: 0
  m_uvLineOffset: 0
  m_geometrySortingOrder: 0
  m_IsTextObjectScaleStatic: 0
  m_VertexBufferAutoSizeReduction: 1
  m_useMaxVisibleDescender: 1
  m_pageToDisplay: 1
  m_margin: {x: 0, y: 0, z: 0, w: 0}
  m_isUsingLegacyAnimationComponent: 0
  m_isVolumetricText: 0
  m_hasFontAssetChanged: 0
  m_baseMaterial: {fileID: 0}
  m_maskOffset: {x: 0, y: 0, z: 0, w: 0}
--- !u!222 &1508361056
CanvasRenderer:
  m_ObjectHideFlags: 0
  m_CorrespondingSourceObject: {fileID: 0}
  m_PrefabInstance: {fileID: 0}
  m_PrefabAsset: {fileID: 0}
  m_GameObject: {fileID: 1508361053}
  m_CullTransparentMesh: 0
--- !u!1 &1524204088
GameObject:
  m_ObjectHideFlags: 0
  m_CorrespondingSourceObject: {fileID: 0}
  m_PrefabInstance: {fileID: 0}
  m_PrefabAsset: {fileID: 0}
  serializedVersion: 6
  m_Component:
  - component: {fileID: 1524204089}
  m_Layer: 0
  m_Name: Walls
  m_TagString: Untagged
  m_Icon: {fileID: 0}
  m_NavMeshLayer: 0
  m_StaticEditorFlags: 0
  m_IsActive: 1
--- !u!4 &1524204089
Transform:
  m_ObjectHideFlags: 0
  m_CorrespondingSourceObject: {fileID: 0}
  m_PrefabInstance: {fileID: 0}
  m_PrefabAsset: {fileID: 0}
  m_GameObject: {fileID: 1524204088}
  m_LocalRotation: {x: 0, y: 0, z: 0, w: 1}
  m_LocalPosition: {x: 0, y: 0, z: 0}
  m_LocalScale: {x: 1, y: 1, z: 1}
  m_Children:
  - {fileID: 1135515492}
  - {fileID: 569068749}
  - {fileID: 1022928635}
  - {fileID: 1244100272}
  m_Father: {fileID: 0}
  m_RootOrder: 4
  m_LocalEulerAnglesHint: {x: 0, y: 0, z: 0}
--- !u!1001 &1541207823
PrefabInstance:
  m_ObjectHideFlags: 0
  serializedVersion: 2
  m_Modification:
    m_TransformParent: {fileID: 68500220}
    m_Modifications:
    - target: {fileID: 6068709781190506243, guid: 3c6b2505aacf8fb4680722ad57944a08,
        type: 3}
      propertyPath: m_LocalPosition.x
      value: 4
      objectReference: {fileID: 0}
    - target: {fileID: 6068709781190506243, guid: 3c6b2505aacf8fb4680722ad57944a08,
        type: 3}
      propertyPath: m_LocalPosition.y
      value: 0.5
      objectReference: {fileID: 0}
    - target: {fileID: 6068709781190506243, guid: 3c6b2505aacf8fb4680722ad57944a08,
        type: 3}
      propertyPath: m_LocalPosition.z
      value: -7
      objectReference: {fileID: 0}
    - target: {fileID: 6068709781190506243, guid: 3c6b2505aacf8fb4680722ad57944a08,
        type: 3}
      propertyPath: m_LocalRotation.x
      value: 0.46193978
      objectReference: {fileID: 0}
    - target: {fileID: 6068709781190506243, guid: 3c6b2505aacf8fb4680722ad57944a08,
        type: 3}
      propertyPath: m_LocalRotation.y
      value: 0.19134173
      objectReference: {fileID: 0}
    - target: {fileID: 6068709781190506243, guid: 3c6b2505aacf8fb4680722ad57944a08,
        type: 3}
      propertyPath: m_LocalRotation.z
      value: 0.19134173
      objectReference: {fileID: 0}
    - target: {fileID: 6068709781190506243, guid: 3c6b2505aacf8fb4680722ad57944a08,
        type: 3}
      propertyPath: m_LocalRotation.w
      value: 0.84462327
      objectReference: {fileID: 0}
    - target: {fileID: 6068709781190506243, guid: 3c6b2505aacf8fb4680722ad57944a08,
        type: 3}
      propertyPath: m_RootOrder
      value: 11
      objectReference: {fileID: 0}
    - target: {fileID: 6068709781190506243, guid: 3c6b2505aacf8fb4680722ad57944a08,
        type: 3}
      propertyPath: m_LocalEulerAnglesHint.x
      value: 45
      objectReference: {fileID: 0}
    - target: {fileID: 6068709781190506243, guid: 3c6b2505aacf8fb4680722ad57944a08,
        type: 3}
      propertyPath: m_LocalEulerAnglesHint.y
      value: 45
      objectReference: {fileID: 0}
    - target: {fileID: 6068709781190506243, guid: 3c6b2505aacf8fb4680722ad57944a08,
        type: 3}
      propertyPath: m_LocalEulerAnglesHint.z
      value: 45
      objectReference: {fileID: 0}
    - target: {fileID: 6068709781190506248, guid: 3c6b2505aacf8fb4680722ad57944a08,
        type: 3}
      propertyPath: m_Name
      value: PickUp (11)
      objectReference: {fileID: 0}
    m_RemovedComponents: []
  m_SourcePrefab: {fileID: 100100000, guid: 3c6b2505aacf8fb4680722ad57944a08, type: 3}
--- !u!4 &1541207824 stripped
Transform:
  m_CorrespondingSourceObject: {fileID: 6068709781190506243, guid: 3c6b2505aacf8fb4680722ad57944a08,
    type: 3}
  m_PrefabInstance: {fileID: 1541207823}
  m_PrefabAsset: {fileID: 0}
--- !u!4 &1776278312 stripped
Transform:
  m_CorrespondingSourceObject: {fileID: 6068709781190506243, guid: 3c6b2505aacf8fb4680722ad57944a08,
    type: 3}
  m_PrefabInstance: {fileID: 6068709782940003371}
  m_PrefabAsset: {fileID: 0}
--- !u!1 &1779247693
GameObject:
  m_ObjectHideFlags: 0
  m_CorrespondingSourceObject: {fileID: 0}
  m_PrefabInstance: {fileID: 0}
  m_PrefabAsset: {fileID: 0}
  serializedVersion: 6
  m_Component:
  - component: {fileID: 1779247695}
  - component: {fileID: 1779247694}
  m_Layer: 0
  m_Name: Directional Light
  m_TagString: Untagged
  m_Icon: {fileID: 0}
  m_NavMeshLayer: 0
  m_StaticEditorFlags: 0
  m_IsActive: 1
--- !u!108 &1779247694
Light:
  m_ObjectHideFlags: 0
  m_CorrespondingSourceObject: {fileID: 0}
  m_PrefabInstance: {fileID: 0}
  m_PrefabAsset: {fileID: 0}
  m_GameObject: {fileID: 1779247693}
  m_Enabled: 1
  serializedVersion: 10
  m_Type: 1
  m_Shape: 0
  m_Color: {r: 1, g: 1, b: 1, a: 1}
  m_Intensity: 1
  m_Range: 10
  m_SpotAngle: 30
  m_InnerSpotAngle: 21.80208
  m_CookieSize: 10
  m_Shadows:
    m_Type: 2
    m_Resolution: -1
    m_CustomResolution: -1
    m_Strength: 1
    m_Bias: 0.05
    m_NormalBias: 0.4
    m_NearPlane: 0.2
    m_CullingMatrixOverride:
      e00: 1
      e01: 0
      e02: 0
      e03: 0
      e10: 0
      e11: 1
      e12: 0
      e13: 0
      e20: 0
      e21: 0
      e22: 1
      e23: 0
      e30: 0
      e31: 0
      e32: 0
      e33: 1
    m_UseCullingMatrixOverride: 0
  m_Cookie: {fileID: 0}
  m_DrawHalo: 0
  m_Flare: {fileID: 0}
  m_RenderMode: 0
  m_CullingMask:
    serializedVersion: 2
    m_Bits: 4294967295
  m_RenderingLayerMask: 1
  m_Lightmapping: 4
  m_LightShadowCasterMode: 0
  m_AreaSize: {x: 1, y: 1}
  m_BounceIntensity: 1
  m_ColorTemperature: 6570
  m_UseColorTemperature: 0
  m_BoundingSphereOverride: {x: 0, y: 0, z: 0, w: 0}
  m_UseBoundingSphereOverride: 0
  m_ShadowRadius: 0
  m_ShadowAngle: 0
--- !u!4 &1779247695
Transform:
  m_ObjectHideFlags: 0
  m_CorrespondingSourceObject: {fileID: 0}
  m_PrefabInstance: {fileID: 0}
  m_PrefabAsset: {fileID: 0}
  m_GameObject: {fileID: 1779247693}
  m_LocalRotation: {x: 0.38302222, y: 0.38302222, z: -0.17860618, w: 0.82139385}
  m_LocalPosition: {x: 0, y: 3, z: 0}
  m_LocalScale: {x: 1, y: 1, z: 1}
  m_Children: []
  m_Father: {fileID: 0}
  m_RootOrder: 1
  m_LocalEulerAnglesHint: {x: 50, y: 50, z: 0}
--- !u!1 &2094894888
GameObject:
  m_ObjectHideFlags: 0
  m_CorrespondingSourceObject: {fileID: 0}
  m_PrefabInstance: {fileID: 0}
  m_PrefabAsset: {fileID: 0}
  serializedVersion: 6
  m_Component:
  - component: {fileID: 2094894889}
  - component: {fileID: 2094894891}
  - component: {fileID: 2094894890}
  m_Layer: 5
  m_Name: CountText
  m_TagString: Untagged
  m_Icon: {fileID: 0}
  m_NavMeshLayer: 0
  m_StaticEditorFlags: 0
  m_IsActive: 1
--- !u!224 &2094894889
RectTransform:
  m_ObjectHideFlags: 0
  m_CorrespondingSourceObject: {fileID: 0}
  m_PrefabInstance: {fileID: 0}
  m_PrefabAsset: {fileID: 0}
  m_GameObject: {fileID: 2094894888}
  m_LocalRotation: {x: 0, y: 0, z: 0, w: 1}
  m_LocalPosition: {x: 0, y: 0, z: 0}
  m_LocalScale: {x: 1, y: 1, z: 1}
  m_Children: []
  m_Father: {fileID: 620125391}
  m_RootOrder: 0
  m_LocalEulerAnglesHint: {x: 0, y: 0, z: 0}
  m_AnchorMin: {x: 0, y: 1}
  m_AnchorMax: {x: 0, y: 1}
  m_AnchoredPosition: {x: 10, y: -10}
  m_SizeDelta: {x: 200, y: 50}
  m_Pivot: {x: 0, y: 1}
--- !u!114 &2094894890
MonoBehaviour:
  m_ObjectHideFlags: 0
  m_CorrespondingSourceObject: {fileID: 0}
  m_PrefabInstance: {fileID: 0}
  m_PrefabAsset: {fileID: 0}
  m_GameObject: {fileID: 2094894888}
  m_Enabled: 1
  m_EditorHideFlags: 0
  m_Script: {fileID: 11500000, guid: f4688fdb7df04437aeb418b961361dc5, type: 3}
  m_Name: 
  m_EditorClassIdentifier: 
  m_Material: {fileID: 0}
  m_Color: {r: 1, g: 1, b: 1, a: 1}
  m_RaycastTarget: 1
  m_Maskable: 1
  m_OnCullStateChanged:
    m_PersistentCalls:
      m_Calls: []
  m_text: Count Text
  m_isRightToLeft: 0
  m_fontAsset: {fileID: 11400000, guid: 8f586378b4e144a9851e7b34d9b748ee, type: 2}
  m_sharedMaterial: {fileID: 2180264, guid: 8f586378b4e144a9851e7b34d9b748ee, type: 2}
  m_fontSharedMaterials: []
  m_fontMaterial: {fileID: 0}
  m_fontMaterials: []
  m_fontColor32:
    serializedVersion: 2
    rgba: 4294967295
  m_fontColor: {r: 1, g: 1, b: 1, a: 1}
  m_enableVertexGradient: 0
  m_colorMode: 3
  m_fontColorGradient:
    topLeft: {r: 1, g: 1, b: 1, a: 1}
    topRight: {r: 1, g: 1, b: 1, a: 1}
    bottomLeft: {r: 1, g: 1, b: 1, a: 1}
    bottomRight: {r: 1, g: 1, b: 1, a: 1}
  m_fontColorGradientPreset: {fileID: 0}
  m_spriteAsset: {fileID: 0}
  m_tintAllSprites: 0
  m_StyleSheet: {fileID: 0}
  m_TextStyleHashCode: -1183493901
  m_overrideHtmlColors: 0
  m_faceColor:
    serializedVersion: 2
    rgba: 4294967295
  m_fontSize: 36
  m_fontSizeBase: 36
  m_fontWeight: 400
  m_enableAutoSizing: 0
  m_fontSizeMin: 18
  m_fontSizeMax: 72
  m_fontStyle: 0
  m_HorizontalAlignment: 1
  m_VerticalAlignment: 256
  m_textAlignment: 65535
  m_characterSpacing: 0
  m_wordSpacing: 0
  m_lineSpacing: 0
  m_lineSpacingMax: 0
  m_paragraphSpacing: 0
  m_charWidthMaxAdj: 0
  m_enableWordWrapping: 1
  m_wordWrappingRatios: 0.4
  m_overflowMode: 0
  m_linkedTextComponent: {fileID: 0}
  parentLinkedComponent: {fileID: 0}
  m_enableKerning: 1
  m_enableExtraPadding: 0
  checkPaddingRequired: 0
  m_isRichText: 1
  m_parseCtrlCharacters: 1
  m_isOrthographic: 1
  m_isCullingEnabled: 0
  m_horizontalMapping: 0
  m_verticalMapping: 0
  m_uvLineOffset: 0
  m_geometrySortingOrder: 0
  m_IsTextObjectScaleStatic: 0
  m_VertexBufferAutoSizeReduction: 1
  m_useMaxVisibleDescender: 1
  m_pageToDisplay: 1
  m_margin: {x: 0, y: 0, z: 0, w: 0}
  m_isUsingLegacyAnimationComponent: 0
  m_isVolumetricText: 0
  m_hasFontAssetChanged: 0
  m_baseMaterial: {fileID: 0}
  m_maskOffset: {x: 0, y: 0, z: 0, w: 0}
--- !u!222 &2094894891
CanvasRenderer:
  m_ObjectHideFlags: 0
  m_CorrespondingSourceObject: {fileID: 0}
  m_PrefabInstance: {fileID: 0}
  m_PrefabAsset: {fileID: 0}
  m_GameObject: {fileID: 2094894888}
  m_CullTransparentMesh: 0
--- !u!1 &2125633147
GameObject:
  m_ObjectHideFlags: 0
  m_CorrespondingSourceObject: {fileID: 0}
  m_PrefabInstance: {fileID: 0}
  m_PrefabAsset: {fileID: 0}
  serializedVersion: 6
  m_Component:
  - component: {fileID: 2125633152}
  - component: {fileID: 2125633151}
  - component: {fileID: 2125633150}
  - component: {fileID: 2125633149}
  - component: {fileID: 2125633148}
  - component: {fileID: 2125633154}
  - component: {fileID: 2125633153}
  m_Layer: 0
  m_Name: Player
  m_TagString: Untagged
  m_Icon: {fileID: 0}
  m_NavMeshLayer: 0
  m_StaticEditorFlags: 0
  m_IsActive: 1
--- !u!54 &2125633148
Rigidbody:
  m_ObjectHideFlags: 0
  m_CorrespondingSourceObject: {fileID: 0}
  m_PrefabInstance: {fileID: 0}
  m_PrefabAsset: {fileID: 0}
  m_GameObject: {fileID: 2125633147}
  serializedVersion: 2
  m_Mass: 1
  m_Drag: 0
  m_AngularDrag: 0.05
  m_UseGravity: 1
  m_IsKinematic: 0
  m_Interpolate: 0
  m_Constraints: 0
  m_CollisionDetection: 0
--- !u!135 &2125633149
SphereCollider:
  m_ObjectHideFlags: 0
  m_CorrespondingSourceObject: {fileID: 0}
  m_PrefabInstance: {fileID: 0}
  m_PrefabAsset: {fileID: 0}
  m_GameObject: {fileID: 2125633147}
  m_Material: {fileID: 0}
  m_IsTrigger: 0
  m_Enabled: 1
  serializedVersion: 2
  m_Radius: 0.5
  m_Center: {x: 0, y: 0, z: 0}
--- !u!23 &2125633150
MeshRenderer:
  m_ObjectHideFlags: 0
  m_CorrespondingSourceObject: {fileID: 0}
  m_PrefabInstance: {fileID: 0}
  m_PrefabAsset: {fileID: 0}
  m_GameObject: {fileID: 2125633147}
  m_Enabled: 1
  m_CastShadows: 1
  m_ReceiveShadows: 1
  m_DynamicOccludee: 1
  m_MotionVectors: 1
  m_LightProbeUsage: 1
  m_ReflectionProbeUsage: 1
  m_RayTracingMode: 2
  m_RenderingLayerMask: 1
  m_RendererPriority: 0
  m_Materials:
  - {fileID: 2100000, guid: 842e61aefd432f344b04d975d8147e05, type: 2}
  m_StaticBatchInfo:
    firstSubMesh: 0
    subMeshCount: 0
  m_StaticBatchRoot: {fileID: 0}
  m_ProbeAnchor: {fileID: 0}
  m_LightProbeVolumeOverride: {fileID: 0}
  m_ScaleInLightmap: 1
  m_ReceiveGI: 1
  m_PreserveUVs: 0
  m_IgnoreNormalsForChartDetection: 0
  m_ImportantGI: 0
  m_StitchLightmapSeams: 1
  m_SelectedEditorRenderState: 3
  m_MinimumChartSize: 4
  m_AutoUVMaxDistance: 0.5
  m_AutoUVMaxAngle: 89
  m_LightmapParameters: {fileID: 0}
  m_SortingLayerID: 0
  m_SortingLayer: 0
  m_SortingOrder: 0
--- !u!33 &2125633151
MeshFilter:
  m_ObjectHideFlags: 0
  m_CorrespondingSourceObject: {fileID: 0}
  m_PrefabInstance: {fileID: 0}
  m_PrefabAsset: {fileID: 0}
  m_GameObject: {fileID: 2125633147}
  m_Mesh: {fileID: 10207, guid: 0000000000000000e000000000000000, type: 0}
--- !u!4 &2125633152
Transform:
  m_ObjectHideFlags: 0
  m_CorrespondingSourceObject: {fileID: 0}
  m_PrefabInstance: {fileID: 0}
  m_PrefabAsset: {fileID: 0}
  m_GameObject: {fileID: 2125633147}
  m_LocalRotation: {x: 0, y: 0, z: 0, w: 1}
  m_LocalPosition: {x: 0, y: 0.5, z: 0}
  m_LocalScale: {x: 1, y: 1, z: 1}
  m_Children: []
  m_Father: {fileID: 0}
  m_RootOrder: 3
  m_LocalEulerAnglesHint: {x: 0, y: 0, z: 0}
--- !u!114 &2125633153
MonoBehaviour:
  m_ObjectHideFlags: 0
  m_CorrespondingSourceObject: {fileID: 0}
  m_PrefabInstance: {fileID: 0}
  m_PrefabAsset: {fileID: 0}
  m_GameObject: {fileID: 2125633147}
  m_Enabled: 1
  m_EditorHideFlags: 0
  m_Script: {fileID: 11500000, guid: 53bf35bdd72ff964e9a0f7af7baed3e3, type: 3}
  m_Name: 
  m_EditorClassIdentifier: 
  speed: 10
  countText: {fileID: 2094894890}
  winTextObject: {fileID: 1508361053}
--- !u!114 &2125633154
MonoBehaviour:
  m_ObjectHideFlags: 0
  m_CorrespondingSourceObject: {fileID: 0}
  m_PrefabInstance: {fileID: 0}
  m_PrefabAsset: {fileID: 0}
  m_GameObject: {fileID: 2125633147}
  m_Enabled: 1
  m_EditorHideFlags: 0
  m_Script: {fileID: 11500000, guid: 62899f850307741f2a39c98a8b639597, type: 3}
  m_Name: 
  m_EditorClassIdentifier: 
  m_Actions: {fileID: -944628639613478452, guid: 4370ffb6b719efc4e86984e022f418e7,
    type: 3}
  m_NotificationBehavior: 0
  m_UIInputModule: {fileID: 0}
  m_DeviceLostEvent:
    m_PersistentCalls:
      m_Calls: []
  m_DeviceRegainedEvent:
    m_PersistentCalls:
      m_Calls: []
  m_ControlsChangedEvent:
    m_PersistentCalls:
      m_Calls: []
  m_ActionEvents: []
  m_NeverAutoSwitchControlSchemes: 1
  m_DefaultControlScheme: 
  m_DefaultActionMap: Player
  m_SplitScreenIndex: -1
  m_Camera: {fileID: 0}
--- !u!1001 &6068709782940003371
PrefabInstance:
  m_ObjectHideFlags: 0
  serializedVersion: 2
  m_Modification:
    m_TransformParent: {fileID: 68500220}
    m_Modifications:
    - target: {fileID: 6068709781190506243, guid: 3c6b2505aacf8fb4680722ad57944a08,
        type: 3}
      propertyPath: m_LocalPosition.x
      value: 7
      objectReference: {fileID: 0}
    - target: {fileID: 6068709781190506243, guid: 3c6b2505aacf8fb4680722ad57944a08,
        type: 3}
      propertyPath: m_LocalPosition.y
      value: 0.5
      objectReference: {fileID: 0}
    - target: {fileID: 6068709781190506243, guid: 3c6b2505aacf8fb4680722ad57944a08,
        type: 3}
      propertyPath: m_LocalPosition.z
      value: 0
      objectReference: {fileID: 0}
    - target: {fileID: 6068709781190506243, guid: 3c6b2505aacf8fb4680722ad57944a08,
        type: 3}
      propertyPath: m_LocalRotation.x
      value: 0.46193978
      objectReference: {fileID: 0}
    - target: {fileID: 6068709781190506243, guid: 3c6b2505aacf8fb4680722ad57944a08,
        type: 3}
      propertyPath: m_LocalRotation.y
      value: 0.19134173
      objectReference: {fileID: 0}
    - target: {fileID: 6068709781190506243, guid: 3c6b2505aacf8fb4680722ad57944a08,
        type: 3}
      propertyPath: m_LocalRotation.z
      value: 0.19134173
      objectReference: {fileID: 0}
    - target: {fileID: 6068709781190506243, guid: 3c6b2505aacf8fb4680722ad57944a08,
        type: 3}
      propertyPath: m_LocalRotation.w
      value: 0.84462327
      objectReference: {fileID: 0}
    - target: {fileID: 6068709781190506243, guid: 3c6b2505aacf8fb4680722ad57944a08,
        type: 3}
      propertyPath: m_RootOrder
      value: 0
      objectReference: {fileID: 0}
    - target: {fileID: 6068709781190506243, guid: 3c6b2505aacf8fb4680722ad57944a08,
        type: 3}
      propertyPath: m_LocalEulerAnglesHint.x
      value: 45
      objectReference: {fileID: 0}
    - target: {fileID: 6068709781190506243, guid: 3c6b2505aacf8fb4680722ad57944a08,
        type: 3}
      propertyPath: m_LocalEulerAnglesHint.y
      value: 45
      objectReference: {fileID: 0}
    - target: {fileID: 6068709781190506243, guid: 3c6b2505aacf8fb4680722ad57944a08,
        type: 3}
      propertyPath: m_LocalEulerAnglesHint.z
      value: 45
      objectReference: {fileID: 0}
    - target: {fileID: 6068709781190506248, guid: 3c6b2505aacf8fb4680722ad57944a08,
        type: 3}
      propertyPath: m_Name
      value: PickUp
      objectReference: {fileID: 0}
    m_RemovedComponents: []
  m_SourcePrefab: {fileID: 100100000, guid: 3c6b2505aacf8fb4680722ad57944a08, type: 3}
